<record><leader>00000cas a22000007a 4500</leader><controlfield tag="001">28126497</controlfield><controlfield tag="008">930518d190619uumauwr ne      0    0eng d</controlfield><datafield ind1=" " ind2=" " tag="010"><subfield code="a">sn 93058812 </subfield></datafield><datafield ind1=" " ind2=" " tag="040"><subfield code="a">MGN</subfield><subfield code="b">eng</subfield><subfield code="c">MGN</subfield><subfield code="d">OCLCQ</subfield><subfield code="d">IUL</subfield><subfield code="d">OCLCF</subfield></datafield><datafield ind1=" " ind2=" " tag="042"><subfield code="a">msc</subfield></datafield><datafield ind1=" " ind2=" " tag="043"><subfield code="a">n-us-ma</subfield></datafield><datafield ind1="0" ind2=" " tag="130"><subfield code="a">Salem register (Salem, Mass. : 1906)</subfield></datafield><datafield ind1="1" ind2="0" tag="245"><subfield code="a">Salem register.</subfield></datafield><datafield ind1="1" ind2="3" tag="246"><subfield code="a">Salem register and Essex County Mercury</subfield><subfield code="f">Aug. 18, 1910-Feb. 28, 1913</subfield></datafield><datafield ind1=" " ind2=" " tag="260"><subfield code="a">Salem, Mass. :</subfield><subfield code="b">A.L. King</subfield></datafield><datafield ind1=" " ind2=" " tag="300"><subfield code="a">v.</subfield></datafield><datafield ind1=" " ind2=" " tag="310"><subfield code="a">Weekly</subfield></datafield><datafield ind1="0" ind2=" " tag="362"><subfield code="a">Vol. 107, no. 46 (Nov. 22, 1906)-</subfield></datafield><datafield ind1=" " ind2="0" tag="651"><subfield code="a">Salem (Mass.)</subfield><subfield code="v">Newspapers.</subfield></datafield><datafield ind1=" " ind2="0" tag="651"><subfield code="a">Essex County (Mass.)</subfield><subfield code="v">Newspapers.</subfield></datafield><datafield ind1=" " ind2="7" tag="651"><subfield code="a">Massachusetts</subfield><subfield code="z">Essex County.</subfield><subfield code="2">fast</subfield><subfield code="0">(OCoLC)fst01205527</subfield></datafield><datafield ind1=" " ind2="7" tag="651"><subfield code="a">Massachusetts</subfield><subfield code="z">Salem.</subfield><subfield code="2">fast</subfield><subfield code="0">(OCoLC)fst01205839</subfield></datafield><datafield ind1=" " ind2="7" tag="655"><subfield code="a">Newspapers.</subfield><subfield code="2">fast</subfield><subfield code="0">(OCoLC)fst01423814</subfield></datafield><datafield ind1=" " ind2=" " tag="752"><subfield code="a">United States</subfield><subfield code="b">Massachusetts</subfield><subfield code="c">Essex</subfield><subfield code="d">Salem.</subfield></datafield><datafield ind1="0" ind2="0" tag="780"><subfield code="t">Salem register and Essex County Mercury</subfield><subfield code="w">(DLC)sn 93058813</subfield><subfield code="w">(OCoLC)28118926</subfield></datafield></record>